@misc{CCSA,
  author = {CCSA},
  title = {{How COVID‐19 is changing the world: a statistical perspective}},
  howpublished = "\url{https://unstats.un.org/unsd/ccsa/documents/covid19-report-ccsa_vol2.pdf}",
  year = {2020}, 
  note = "[Online; accessed 06-July-2021]"
}

@article{Hudson,
  author = {John Hudson},
  title = {{Promises kept, promises broken? The relationship between aid commitments and
disbursements}},
  howpublished = "\url{https://r-unimelb.gitbook.io/rbook/into-the-tidyverse/the-tidyverse}",
  year = {2015}, 
  journal = {Review of Development Finance},
  volume   = "3",
  pages = {109-‐120},
  doi = {https://doi.org/10.1016/j.rdf.2013.08.001}
}


@article{PARIS21-2020a,
  author = {PARIS21},
  title = {{Combating COVID‐19 with data: what role for National statistical systems}},
  howpublished = "\url{https://paris21.org/sites/default/files/inline‐ files/COVID_Policybrief_Full.pdf?v=2.0}",
  year = {2020},
  note = "[Online; accessed 07-July-2022]"
}


@misc{PARIS21-2020b,
  author = {PARIS21},
  title = {{Partner Report on Support to Statistics 2020}},
  howpublished = "\url{https://paris21.org/press2021}",
  year = {2020}, 
  note = "[Online; accessed 07-July-2022]"
}

@misc{UNFPA,
  author = {UNFPA},
  title = {{Technical Brief on the Implications of COVID‐19 on Census.}},
  howpublished = "\url{https://www.unfpa.org/sites/default/files/resource‐ pdf/Census_COVID19_digital.pdf}",
  year = {2020},
  note = "[Online; accessed 07-July-2021]"
}

