@BOOK{Wickham2019,
	AUTHOR = {Wickham, Hadley},
	YEAR = {2019},
	TITLE = {Advanced R},
	EDITION = {},
	ISBN = {978-0-815-38457-1},
	PUBLISHER = {CRC Press/Taylor \& Francis Group},
	ADDRESS = {},
}

@misc{CCSA,
  author = {CCSA},
  title = {{How COVID‐19 is changing the world: a statistical perspective}},
  howpublished = "\url{https://unstats.un.org/unsd/ccsa/documents/covid19-report-ccsa_vol2.pdf}",
  year = {2020}, 
  note = "[Online; accessed 06-July-2021]"
}

@article{Hudson,
  author = {John Hudson},
  title = {{Promises kept, promises broken? The relationship between aid commitments and
disbursements}},
  howpublished = "\url{https://r-unimelb.gitbook.io/rbook/into-the-tidyverse/the-tidyverse}",
  year = {2015}, 
  journal = {Review of Development Finance},
  volume   = "3",
  pages = {109-‐120},
  doi = {https://doi.org/10.1016/j.rdf.2013.08.001}
}